<record><leader>00000cas a2200000 a 4500</leader><controlfield tag="001">47112085</controlfield><controlfield tag="008">010612d191u191umiudn n       0    0eng c</controlfield><datafield ind1=" " ind2=" " tag="010"><subfield code="a">sn2001061710</subfield></datafield><datafield ind1=" " ind2=" " tag="040"><subfield code="a">MHN</subfield><subfield code="b">eng</subfield><subfield code="c">MHN</subfield><subfield code="d">OCLCQ</subfield><subfield code="d">OCLCF</subfield><subfield code="d">OCLCO</subfield></datafield><datafield ind1="1" ind2=" " tag="029"><subfield code="a">AU@</subfield><subfield code="b">000022766535</subfield></datafield><datafield ind1=" " ind2=" " tag="042"><subfield code="a">pcc</subfield></datafield><datafield ind1=" " ind2=" " tag="043"><subfield code="a">n-us-mi</subfield></datafield><datafield ind1="0" ind2=" " tag="130"><subfield code="a">Evening chronicle (Marquette, Mich.)</subfield></datafield><datafield ind1="1" ind2="4" tag="245"><subfield code="a">The evening chronicle.</subfield></datafield><datafield ind1=" " ind2=" " tag="260"><subfield code="a">Marquette, Mich. :</subfield><subfield code="b">Marquette Pub. Co.</subfield></datafield><datafield ind1=" " ind2=" " tag="300"><subfield code="a">v.</subfield></datafield><datafield ind1=" " ind2=" " tag="310"><subfield code="a">Daily (except Sun.)</subfield></datafield><datafield ind1=" " ind2=" " tag="588"><subfield code="a">Description based on: Vol. 5, no. 38 (Sept. 20, 1911).</subfield></datafield><datafield ind1=" " ind2="0" tag="651"><subfield code="a">Marquette (Mich.)</subfield><subfield code="v">Newspapers.</subfield></datafield><datafield ind1=" " ind2="0" tag="651"><subfield code="a">Marquette County (Mich.)</subfield><subfield code="v">Newspapers.</subfield></datafield><datafield ind1=" " ind2="7" tag="655"><subfield code="a">Newspapers.</subfield><subfield code="2">fast</subfield><subfield code="0">(OCoLC)fst01423814</subfield></datafield><datafield ind1=" " ind2="7" tag="651"><subfield code="a">Michigan</subfield><subfield code="z">Marquette.</subfield><subfield code="2">fast</subfield><subfield code="0">(OCoLC)fst01214886</subfield></datafield><datafield ind1=" " ind2="7" tag="651"><subfield code="a">Michigan</subfield><subfield code="z">Marquette County.</subfield><subfield code="2">fast</subfield><subfield code="0">(OCoLC)fst01213518</subfield></datafield><datafield ind1=" " ind2=" " tag="752"><subfield code="a">United States</subfield><subfield code="b">Michigan</subfield><subfield code="c">Marquette</subfield><subfield code="d">Marquette.</subfield></datafield><datafield ind1="0" ind2="0" tag="780"><subfield code="t">Chronicle (Marquette, Mich.)</subfield><subfield code="w">(DLC)sn2001061709</subfield><subfield code="w">(OCoLC)47111900</subfield></datafield><datafield ind1="0" ind2="0" tag="785"><subfield code="t">Marquette daily chronicle</subfield><subfield code="w">(DLC)sn</subfield><subfield code="w">(OCoLC)47117249</subfield></datafield></record>